% This file was created with JabRef 2.7.
% Encoding: Cp1252

@BOOK{Abramowski:1991,
  title = {Geometrisches Modellieren},
  publisher = {B.I. Wissenschaftsverlag},
  year = {1991},
  author = {Abramowski, S. and M{\"u}ller, H.},
  series = {Reihe Informatik},
  address = {Mannheim},
  timestamp = {2012.05.27}
}

@BOOK{Muller:2011,
  title = {Vorkurs Informatik: Der Einstieg ins Informatikstudium},
  publisher = {Vieweg+Teubner Verlag | Springer Fachmedien Wiesbaden GmbH},
  year = {2011},
  author = {M{\"u}ller, H. and Weichert, F.},
  edition = {2. Auflage},
  timestamp = {2012.05.27}
}

@INPROCEEDINGS{reeves:particle_systems,
	author = {Reeves, W.},
	title = {Particle Systems - Technique for Modeling a Class of Fuzzy Objects},
	pages = {359-376},
	booktitle = {ACM Transactions on Graphics},
	publisher= {ACM},
	year = {1983}	
}

@BOOK{virag:2012,
	title = {Grundlagen der 3D-Programmierung},
	publisher = {Open Source Press},
	year = {2012},
	author = {Virag, G.},
	address = {MÃ¼nchen}
}

@BOOK{ksls:2013,
	title = {OpenGL Programming Guide: The Official Guide to Learning OpenGL, Version 4.3},
	publisher = {Addison-Wesley},
	year = {2013},
	author = {Kessenich, J. and Sellers, G. and Licea-Kane, B. and Shreiner, D.},
	edition = {8. ed},
	address = {Upper Saddler River, NJ}
}